@book{ai_text_book,
   title =     {Artificial Intelligence: A Modern Approach},
   author =    {Stuart Russell, Peter Norvig},
   publisher = {Prentice Hall},
   isbn =      {978-0-13-604259-4},
   year =      {2010},
   series =    {Prentice Hall Series in Artificial Intelligence},
   edition =   {3rd},
   volume =    {}
}